
@misc{noauthor_opencv_nodate,
	title = {{OpenCV}: {Cascade} {Classifier}},
	url = {https://docs.opencv.org/3.4/db/d28/tutorial_cascade_classifier.html},
	urldate = {2022-03-01},
	file = {OpenCV\: Cascade Classifier:/home/alberthahn/Zotero/storage/5HCYPNYJ/tutorial_cascade_classifier.html:text/html},
}
