%% LaTeX2e file `microservice.bib'
%% generated by the `filecontents' environment
%% from source `master' on 2022/02/11.
%% DOCKER

@INPROCEEDINGS{microservice,
  author={Villamizar, Mario and Garcés, Oscar and Castro, Harold and Verano, Mauricio and Salamanca, Lorena and Casallas, Rubby and Gil, Santiago},
  booktitle={2015 10th Computing Colombian Conference (10CCC)}, 
  title={Evaluating the monolithic and the microservice architecture pattern to deploy web applications in the cloud}, 
  year={2015},
  volume={},
  number={},
  pages={583-590},
  doi={10.1109/ColumbianCC.2015.7333476}
  }

@misc{linatronic,
	title = {Krones Linatronic 735},
	url = {https://www.krones.com/de/produkte/maschinen/leerflaschen-inspektionsmaschine-linatronic-735.php},
	abstract = {Der Linatronic bleibt nichts verborgen. Mit ihren hochsensiblen Inspektionsmodulen durchleuchtet sie jeden einzelnen Behälter – und lässt nur fehlerfreie Exemplare passieren.},
	language = {de},
	month = feb,
	year = {2022},
	file = {Snapshot:/home/alberthahn/Zotero/storage/R5PU7VVX/leerflaschen-inspektionsmaschine-linatronic-735.html:text/html},
}

@INPROCEEDINGS{mlops,
  author={Zhou, Yue and Yu, Yue and Ding, Bo},
  booktitle={2020 International Conference on Artificial Intelligence and Computer Engineering (ICAICE)}, 
  title={Towards MLOps: A Case Study of ML Pipeline Platform}, 
  year={2020},
  volume={},
  number={},
  pages={494-500},
  doi={10.1109/ICAICE51518.2020.00102}}


@misc{dockergetstarted,
	title = {Docker overview},
	url = {https://docs.docker.com/get-started/overview/},
	abstract = {Docker explained in depth},
	language = {en},
	journal = {Docker Documentation},
	month = jan,
	year = {2022},
	file = {Snapshot:/home/alberthahn/Zotero/storage/66V7Y4VQ/overview.html:text/html},
}

@BOOK{dockerdeep,
  title     = "Docker deep dive : zero to Docker in a single book",
  author    = "Poulton, Nigel",
  publisher = "Nigel Poulton",
  edition   =  2020,
  year      =  2020,
  address   = "[Germany]"
}


@misc{containervsvm,
	title = {Are {Containers} {Replacing} {Virtual} {Machines}?},
	url = {https://www.docker.com/blog/containers-replacing-virtual-machines/},
	abstract = {Learn from Docker experts to simplify and advance your app development and management with Docker. Stay up to date on Docker events and new version announcements!},
	language = {en-US},
	urldate = {2022-02-15},
	journal = {Docker Blog},
	month = aug,
	year = {2018},
	file = {Snapshot:/home/alberthahn/Zotero/storage/IMLQ5XY5/containers-replacing-virtual-machines.html:text/html},
}

@misc{dockerstoragedriver,
	title = {About storage drivers},
	url = {https://docs.docker.com/storage/storagedriver/},
	abstract = {Learn the technologies that support storage drivers.},
	language = {en},
	urldate = {2022-01-20},
	journal = {Docker Documentation},
	month = jan,
	year = {2022},
	file = {Snapshot:/home/alberthahn/Zotero/storage/96CBTDEU/storagedriver.html:text/html},
}


@misc{dockerbestpracticedockerfile,
	title = {Best practices for writing Dockerfiles},
	url = {https://docs.docker.com/develop/develop-images/dockerfile_best-practices/},
	abstract = {Hints, tips and guidelines for writing clean, reliable Dockerfiles},
	language = {en},
	urldate = {2022-01-20},
	journal = {Docker Documentation},
	month = jan,
	year = {2022},
	file = {Snapshot:/home/alberthahn/Zotero/storage/H4EAR9HP/dockerfile_best-practices.html:text/html},
}

@INPROCEEDINGS{hypervisorcontainer,
  author={Morabito, Roberto and Kjällman, Jimmy and Komu, Miika},
  booktitle={2015 IEEE International Conference on Cloud Engineering}, 
  title={Hypervisors vs. Lightweight Virtualization: A Performance Comparison}, 
  year={2015},
  volume={},
  number={},
  pages={386-393},
  doi={10.1109/IC2E.2015.74}}

%%KUBERNETES

@misc{kubernetes,
	title = {Was ist Kubernetes?},
	url = {https://kubernetes.io/de/docs/concepts/overview/what-is-kubernetes/},
	abstract = {Diese Seite ist eine Übersicht über Kubernetes.
Kubernetes ist eine portable, erweiterbare Open-Source-Plattform zur Verwaltung von containerisierten Arbeitslasten und Services, die sowohl die deklarative Konfiguration als auch die Automatisierung erleichtert. Es hat einen großes, schnell wachsendes Ökosystem. Kubernetes Dienstleistungen, Support und Tools sind weit verbreitet.
Google hat das Kubernetes-Projekt 2014 als Open-Source-Projekt zur Verfügung gestellt. Kubernetes baut auf anderthalb Jahrzehnten Erfahrung auf, die Google mit der Ausführung von Produktions-Workloads in großem Maßstab hat, kombiniert mit den besten Ideen und Praktiken der Community.},
	language = {de},
	urldate = {2022-01-21},
	journal = {Kubernetes},
	note = {Section: docs},
	file = {Snapshot:/home/alberthahn/Zotero/storage/P3QQPTL7/what-is-kubernetes.html:text/html},
}

@misc{kubernetesdocker,
	title = {Don't Panic: Kubernetes and Docker},
	shorttitle = {Don't Panic},
	url = {https://kubernetes.io/blog/2020/12/02/dont-panic-kubernetes-and-docker/},
	abstract = {Authors: Jorge Castro, Duffie Cooley, Kat Cosgrove, Justin Garrison, Noah Kantrowitz, Bob Killen, Rey Lejano, Dan “POP” Papandrea, Jeffrey Sica, Davanum “Dims” Srinivas
Kubernetes is deprecating Docker as a container runtime after v1.20.
You do not need to panic. It’s not as dramatic as it sounds.
TL;DR Docker as an underlying runtime is being deprecated in favor of runtimes that use the Container Runtime Interface (CRI) created for Kubernetes. Docker-produced images will continue to work in your cluster with all runtimes, as they always have.},
	language = {en},
	urldate = {2022-02-11},
	journal = {Kubernetes},
	month = dec,
	year = {2020},
	note = {Section: blog},
	file = {Snapshot:/home/alberthahn/Zotero/storage/HVZENPEL/dont-panic-kubernetes-and-docker.html:text/html},
}

@misc{kuberneteskomponenten,
	title = {Kubernetes Components},
	url = {https://kubernetes.io/docs/concepts/overview/components/},
	abstract = {A Kubernetes cluster consists of the components that represent the control plane and a set of machines called nodes.},
	language = {en},
	urldate = {2022-02-11},
	journal = {Kubernetes},
	note = {Section: docs},
	file = {Snapshot:/home/alberthahn/Zotero/storage/A7EV8MLA/components.html:text/html},
}

@misc{kubernetesnodes,
	title = {Nodes},
	url = {https://kubernetes.io/docs/concepts/architecture/nodes/},
	abstract = {Kubernetes runs your workload by placing containers into Pods to run on Nodes. A node may be a virtual or physical machine, depending on the cluster. Each node is managed by the control plane and contains the services necessary to run Pods.
Typically you have several nodes in a cluster; in a learning or resource-limited environment, you might have only one node.
The components on a node include the kubelet, a container runtime, and the kube-proxy.},
	language = {en},
	urldate = {2022-02-11},
	journal = {Kubernetes},
	note = {Section: docs},
	file = {Snapshot:/home/alberthahn/Zotero/storage/ZXF2UUF7/nodes.html:text/html},
}

@misc{kubernetespods,
	title = {Pods},
	url = {https://kubernetes.io/docs/concepts/workloads/pods/},
	abstract = {Production-Grade Container Orchestration},
	language = {en},
	urldate = {2022-02-11},
	journal = {Kubernetes},
	file = {Snapshot:/home/alberthahn/Zotero/storage/SUAZNJ9Z/pods.html:text/html},
}

@misc{kubernetesobjects,
	title = {Understanding Kubernetes Objects},
	url = {https://kubernetes.io/docs/concepts/overview/working-with-objects/kubernetes-objects/},
	abstract = {This page explains how Kubernetes objects are represented in the Kubernetes API, and how you can express them in .yaml format.
Understanding Kubernetes objects Kubernetes objects are persistent entities in the Kubernetes system. Kubernetes uses these entities to represent the state of your cluster. Specifically, they can describe:
 What containerized applications are running (and on which nodes) The resources available to those applications The policies around how those applications behave, such as restart policies, upgrades, and fault-tolerance  A Kubernetes object is a "record of intent"--once you create the object, the Kubernetes system will constantly work to ensure that object exists.},
	language = {en},
	urldate = {2022-02-11},
	journal = {Kubernetes},
	note = {Section: docs},
	file = {Snapshot:/home/alberthahn/Zotero/storage/YQI56SV7/kubernetes-objects.html:text/html},
}

@misc{kubernetesdeployment,
	title = {Deployments},
	url = {https://kubernetes.io/docs/concepts/workloads/controllers/deployment/},
	abstract = {A Deployment provides declarative updates for Pods and ReplicaSets.
You describe a desired state in a Deployment, and the Deployment Controller changes the actual state to the desired state at a controlled rate. You can define Deployments to create new ReplicaSets, or to remove existing Deployments and adopt all their resources with new Deployments.
Note: Do not manage ReplicaSets owned by a Deployment. Consider opening an issue in the main Kubernetes repository if your use case is not covered below.},
	language = {en},
	urldate = {2022-02-11},
	journal = {Kubernetes},
	note = {Section: docs},
	file = {Snapshot:/home/alberthahn/Zotero/storage/WAXAW978/deployment.html:text/html},
}

@BOOK{kubernetesnigeldeployments,
  title     = "The Kubernetes Book",
  author    = "Poulton, Nigel",
  publisher = "Nigel Poulton",
  edition   =  2021,
  year      =  2021,
  address   = "[Germany]"
}

@misc{kubernetesservice,
	title = {Service},
	url = {https://kubernetes.io/docs/concepts/services-networking/service/},
	abstract = {An abstract way to expose an application running on a set of Pods as a network service. With Kubernetes you don't need to modify your application to use an unfamiliar service discovery mechanism. Kubernetes gives Pods their own IP addresses and a single DNS name for a set of Pods, and can load-balance across them.
Motivation Kubernetes Pods are created and destroyed to match the state of your cluster. Pods are nonpermanent resources.},
	language = {en},
	urldate = {2022-02-11},
	journal = {Kubernetes},
	note = {Section: docs},
	file = {Snapshot:/home/alberthahn/Zotero/storage/RXLHIXU3/service.html:text/html},
}

@misc{kubernetesingress,
	title = {Ingress},
	url = {https://kubernetes.io/docs/concepts/services-networking/ingress/},
	abstract = {FEATURE STATE: Kubernetes v1.19 [stable]  An API object that manages external access to the services in a cluster, typically HTTP.
Ingress may provide load balancing, SSL termination and name-based virtual hosting.
Terminology For clarity, this guide defines the following terms:
 Node: A worker machine in Kubernetes, part of a cluster. Cluster: A set of Nodes that run containerized applications managed by Kubernetes. For this example, and in most common Kubernetes deployments, nodes in the cluster are not part of the public internet.},
	language = {en},
	urldate = {2022-02-07},
	journal = {Kubernetes},
	note = {Section: docs},
	file = {Snapshot:/home/alberthahn/Zotero/storage/8WIR4JTB/ingress.html:text/html},
}

@misc{kubernetesingresscontroller,
	title = {Ingress Controllers},
	url = {https://kubernetes.io/docs/concepts/services-networking/ingress-controllers/},
	abstract = {In order for the Ingress resource to work, the cluster must have an ingress controller running.
Unlike other types of controllers which run as part of the kube-controller-manager binary, Ingress controllers are not started automatically with a cluster. Use this page to choose the ingress controller implementation that best fits your cluster.
Kubernetes as a project supports and maintains AWS, GCE, and nginx ingress controllers.
Additional controllers Note: This section links to third party projects that provide functionality required by Kubernetes.},
	language = {en},
	urldate = {2022-02-07},
	journal = {Kubernetes},
	note = {Section: docs},
	file = {Snapshot:/home/alberthahn/Zotero/storage/8WJ5ZKJM/ingress-controllers.html:text/html},
}

@misc{kubernetesingresscontrollerlayer,
	title = {Layer 4 and Layer 7 Load Balancing},
	url = {https://rancher.com/docs/rancher/v2.5/en/k8s-in-rancher/load-balancers-and-ingress/load-balancers/},
	abstract = {Kubernetes supports load balancing in two ways: Layer-4 Load Balancing and Layer-7 Load Balancing. Learn about the support for each way in different deployments},
	language = {en-US},
	urldate = {2022-02-11},
	journal = {Rancher Labs},
}

@misc{kubernetesingressibm,
	title = {What is Kubernetes Ingress?},
	url = {https://www.ibm.com/cloud/blog/kubernetes-ingress},
	urldate = {2022-02-11},
	journal = {IBM},
}

@misc{Kuberneteschangemaster,
	title = {Kubernetes (K8s)},
	copyright = {Apache-2.0},
	url = {https://github.com/kubernetes/kubernetes/blob/master/CHANGELOG/CHANGELOG-1.20.md/#urgent-upgrade-notes},
	abstract = {Production-Grade Container Scheduling and Management},
	urldate = {2022-02-10},
	publisher = {Kubernetes},
	month = feb,
	year = {2022},
	note = {original-date: 2014-06-06T22:56:04Z},
}

%%K3s

@misc{k3s,
	title = {K3s: Lightweight Kubernetes},
	url = {https://k3s.io/},
	urldate = {2021-07-20},
	file = {K3s\: Lightweight Kubernetes:/home/alberthahn/Zotero/storage/WT5NXMCT/k3s.io.html:text/html},
}

@misc{k3sgit,
	title = {K3s - Lightweight Kubernetes},
	copyright = {Apache-2.0},
	url = {https://github.com/k3s-io/k3s},
	abstract = {Lightweight Kubernetes},
	urldate = {2022-02-11},
	publisher = {k3s-io},
	month = feb,
	year = {2022},
	note = {original-date: 2018-05-31T01:37:46Z},
	keywords = {k8s, kubernetes},
}

@misc{k3sAnforderung,
	title = {K3s Resource Profiling},
	url = {https://rancher.com/docs/k3s/latest/en/installation/installation-requirements/resource-profiling/},
	language = {en-US},
	urldate = {2022-02-11},
	journal = {Rancher Labs},
	file = {Snapshot:/home/alberthahn/Zotero/storage/XQPX7QUT/resource-profiling.html:text/html},
}

@misc{pi4,
	title = {Raspberry Pi Documentation - Processors},
	url = {https://www.raspberrypi.com/documentation/computers/processors.html},
	abstract = {The official documentation for Raspberry Pi computers and microcontrollers},
	language = {en},
	urldate = {2022-02-11},
	file = {Snapshot:/home/alberthahn/Zotero/storage/LICIV5SF/processors.html:text/html},
}

@misc{k3sServerAgent,
	title = {Possible to run k3s on one node (server and agent together)? · {Issue} \#1279 · k3s-io/k3s},
	shorttitle = {Possible to run k3s on one node (server and agent together)?},
	url = {https://github.com/k3s-io/k3s/issues/1279},
	abstract = {Is it possible to run the k3s server and agent on the same node like minikube or microk8s? If yes, how is the setup / configuration process different? What is to consider?},
	language = {en},
	urldate = {2022-02-11},
	journal = {GitHub},
	file = {Snapshot:/home/alberthahn/Zotero/storage/Z3BNJNEM/1279.html:text/html},
}

@misc{flannel,
	title = {flannel},
	copyright = {Apache-2.0},
	url = {https://github.com/flannel-io/flannel},
	abstract = {flannel is a network fabric for containers, designed for Kubernetes},
	urldate = {2022-02-11},
	publisher = {flannel-io},
	month = feb,
	year = {2022},
	note = {original-date: 2014-07-10T17:45:29Z},
	keywords = {docker, docker-image, flannel, go, kubernetes, network, overlay-network, subnet},
}


@misc{rancher,
	title = {Overview},
	url = {https://rancher.com/docs/rancher/v2.5/en/overview/},
	language = {en-US},
	urldate = {2022-02-11},
	journal = {Rancher Labs},
}

@incollection{AzureKubernetesService,
	address = {Berkeley, CA},
	title = {Deploying and Using Rancher with Azure Kubernetes Service},
	isbn = {978-1-4842-5519-3},
	url = {https://doi.org/10.1007/978-1-4842-5519-3_6},
	abstract = {As you continue along your journey into the container world, you will get to the point of critical mass. There will be a need to run an orchestration platform to handle the life cycle of containers. Within Chapter 3, “Inside Kubernetes,” we dove into Kubernetes, the most common orchestration platform. In Chapter 5, “Deploying Azure Kubernetes Service,” we covered how to deploy Azure Kubernetes Service (AKS). Kubernetes can be complex for anyone starting out with container orchestration platforms.},
	language = {en},
	urldate = {2022-02-10},
	booktitle = {Introducing {Azure} {Kubernetes} {Service} : {A} {Practical} {Guide} to {Container} {Orchestration}},
	publisher = {Apress},
	author = {Buchanan, Steve and Rangama, Janaka and Bellavance, Ned},
	editor = {Buchanan, Steve and Rangama, Janaka and Bellavance, Ned},
	year = {2020},
	doi = {10.1007/978-1-4842-5519-3_6},
	pages = {79--99},
	file = {Springer Full Text PDF:/home/alberthahn/Zotero/storage/AVSGWIGJ/Buchanan et al. - 2020 - Deploying and Using Rancher with Azure Kubernetes .pdf:application/pdf},
}

@misc{rancherKubeconfig,
	title = {Access a {Cluster} with {Kubectl} and kubeconfig},
	url = {https://rancher.com/docs/rancher/v2.5/en/cluster-admin/cluster-access/kubectl/},
	abstract = {Learn how you can access and manage your Kubernetes clusters using kubectl with kubectl Shell or with kubectl CLI and kubeconfig file. A kubeconfig file is used to configure access to Kubernetes. When you create a cluster with Rancher, it automatically creates a kubeconfig for your cluster.},
	language = {en-US},
	urldate = {2022-02-11},
	journal = {Rancher Labs},
	file = {Snapshot:/home/alberthahn/Zotero/storage/ZSTJHFAF/kubectl.html:text/html},
}

@misc{kubernetesAuthenticating,
	title = {Authenticating},
	url = {https://kubernetes.io/docs/reference/access-authn-authz/authentication/},
	abstract = {This page provides an overview of authenticating.
Users in Kubernetes All Kubernetes clusters have two categories of users: service accounts managed by Kubernetes, and normal users.
It is assumed that a cluster-independent service manages normal users in the following ways:
 an administrator distributing private keys a user store like Keystone or Google Accounts a file with a list of usernames and passwords  In this regard, Kubernetes does not have objects which represent normal user accounts.},
	language = {en},
	urldate = {2022-02-10},
	journal = {Kubernetes},
	note = {Section: docs},
	file = {Snapshot:/home/alberthahn/Zotero/storage/LWWPABLK/authentication.html:text/html},
}

@misc{rancherArchitecture,
	title = {Overview},
	url = {https://rancher.com/docs/rancher/v2.5/en/overview/},
	language = {en-US},
	urldate = {2022-02-11},
	journal = {Rancher Labs},
	file = {Snapshot:/home/alberthahn/Zotero/storage/MDYH6253/overview.html:text/html},
}

@misc{rancherArchitectureRecommendations,
	title = {Architecture {Recommendations}},
	url = {https://rancher.com/docs/rancher/v2.5/en/overview/architecture-recommendations/},
	language = {en-US},
	urldate = {2022-02-10},
	journal = {Rancher Labs},
	file = {Snapshot:/home/alberthahn/Zotero/storage/GZJICPM4/architecture-recommendations.html:text/html},
}

@misc{rancherAgents,
	title = {Rancher {Agents}},
	url = {https://rancher.com/docs/rancher/v2.5/en/cluster-provisioning/rke-clusters/rancher-agents/},
	language = {en-US},
	urldate = {2022-02-10},
	journal = {Rancher Labs},
	file = {Snapshot:/home/alberthahn/Zotero/storage/5HDV5GSB/rancher-agents.html:text/html},
}

@misc{ibmHybrid,
	title = {hybrid-cloud},
	url = {https://www.ibm.com/de-de/cloud/learn/hybrid-cloud},
	abstract = {Erfahren Sie, wie Sie eine breite Palette von Anwendungen und Workloads mit einer Mischung aus privaten und öffentlichen Cloud-Diensten unterstützen können.},
	language = {de-de},
	urldate = {2022-02-11},
	month = may,
	year = {2021},
}

@BOOK{BuildingMicroservicesNewman,
  title     = "Building microservices",
  author    = "Newman, Sam",
  publisher = "O'Reilly Media",
  edition   =  2,
  month     =  sep,
  year      =  2021,
  address   = "Sebastopol, CA"
}

@incollection{BuildingMicroservicesNewmanChapter5,
  title     = "Implementing Microservice Communication",
  author    = "Newman, Sam",
  publisher = "O'Reilly Media",
  edition   =  2,
  month     =  sep,
  year      =  2021,
  address   = "Sebastopol, CA"
}

@misc{FowlerMicroservice,
	title = {Microservices},
	url = {https://martinfowler.com/articles/microservices.html},
	abstract = {Defining the microservices architectural style by describing their nine common characteristics},
	urldate = {2022-02-11},
	journal = {martinfowler.com},
	file = {Snapshot:/home/alberthahn/Zotero/storage/KY6AKVEM/microservices.html:text/html},
}

@misc{ProtoBuf,
	title = {Protocol {Buffers} {\textbar} {Google} {Developers}},
	url = {https://developers.google.com/protocol-buffers},
	abstract = {Protocol buffers are a language-neutral, platform-neutral extensible mechanism for serializing structured data.},
	language = {en},
	urldate = {2022-02-16},
	file = {Snapshot:/home/alberthahn/Zotero/storage/DF4HCSMI/protocol-buffers.html:text/html},
}


@misc{MicroservicePattern,
	title = {Microservices {Pattern}: {Decompose} by business capability},
	shorttitle = {Microservices {Pattern}},
	url = {http://microservices.io/patterns/decomposition/decompose-by-business-capability.html},
	abstract = {Decompose an application into services by defining services corresponding to business capabilities.},
	urldate = {2022-02-16},
	journal = {microservices.io},
	file = {Snapshot:/home/alberthahn/Zotero/storage/J46NLCXR/decompose-by-business-capability.html:text/html},
}


@misc{FowlerSoftwareComponent,
	title = {SoftwareComponent},
	shorttitle = {bliki},
	url = {https://martinfowler.com/bliki/SoftwareComponent.html},
	abstract = {a bliki entry for SoftwareComponent},
	urldate = {2022-02-12},
	journal = {martinfowler.com},
	file = {Snapshot:/home/alberthahn/Zotero/storage/U8TS3BLE/SoftwareComponent.html:text/html},
}

@misc{amazon,
	title = {A {Conversation} with {Werner} {Vogels} - {ACM} {Queue}},
	url = {https://queue.acm.org/detail.cfm?id=1142065},
	urldate = {2022-02-12},
	file = {A Conversation with Werner Vogels - ACM Queue:/home/alberthahn/Zotero/storage/BFUHG8D6/detail.html:text/html},
}

@misc{FowlerBoundedContext,
	title = {BoundedContext},
	shorttitle = {bliki},
	url = {https://martinfowler.com/bliki/BoundedContext.html},
	abstract = {Don't try to build a single, unified model for a large domain. Instead DDD advises us to divide such a domain into many bounded contexts with explicit relationships between them.},
	urldate = {2022-02-12},
	journal = {martinfowler.com},
	file = {Snapshot:/home/alberthahn/Zotero/storage/FNJXZAM5/BoundedContext.html:text/html},
}

%%ANALYSE

@BOOK{Laplante,
  title     = "Requirements Engineering for Software and Systems",
  author    = "Laplante, Phillip A",
  publisher = "Auerbach",
  series    = "Applied Software Engineering Series",
  month     =  mar,
  year      =  2009,
  address   = "London, England"
}


%%IMPLEMENTIERUNG

@BOOK{LearningCoreDNS,
  title     = "Learning coredns",
  author    = "Belamaric, John and Liu, Cricket",
  publisher = "O'Reilly UK",
  month     =  sep,
  year      =  2019,
  address   = "Farnham, England"
}

%%  noch nicht ganz richtig
@book{microservicesvssoa,
	title = {Microservices vs. {Service}-{Oriented} {Architecture}},
	isbn = {978-1-4919-7565-7},
	author    = "Richards, Mark",
	publisher = "O'Reilly UK",
	abstract = {Right now, the microservices architecture pattern is a rising star in the IT industry. For many, these small, highly decoupled services are a welcome alternative to the big, expensive, complicated...},
	language = {en},
	urldate = {2022-02-15},
	file = {Snapshot:/home/alberthahn/Zotero/storage/RJD9M7BX/9781491975657.html:text/html},
}


@misc{rtosandbundr,
	title = {Zwei {Betriebssysteme} auf einem {Gerät} {\textbar} {B}\&{R} {Industrial} {Automation}},
	url = {https://www.br-automation.com/},
	abstract = {Ein Bare-Metal-Hypervisor ermöglicht, dass neben dem Echtzeitbetriebssystem ein GPOS auf einem B\&R-Industrie-PC läuft.},
	language = {de-DE},
	urldate = {2022-02-19},
	journal = {B\&R: Perfection in Automation},
	file = {Snapshot:/home/alberthahn/Zotero/storage/8K98JK9W/zwei-betriebssysteme-auf-einem-geraet.html:text/html},
}


@misc{rtos,
	title = {{RTS} {Hypervisor} - {Hardware} partitioning - {Real}-{Time} {Systems}},
	url = {https://www.real-time-systems.com/de/use-cases/rts-hypervisor-hardware-partitioning.html},
	urldate = {2022-02-19},
	file = {RTS Hypervisor - Hardware partitioning - Real-Time Systems:/home/alberthahn/Zotero/storage/C8XL5LU2/rts-hypervisor-hardware-partitioning.html:text/html},
}


@misc{hmi,
	title = {Connected {HMI}: die neue {Generation} der {Maschinenvisualisierung} - {Krones}},
	shorttitle = {Connected {HMI}},
	url = {https://www.krones.com/de/produkte/innovationen/maschinenvisualisierung-connected-hmi.php},
	abstract = {Komponenten, Anlagen, Fabriken für Getränke und flüssige Lebensmittel: Krones – we do more.},
	language = {de},
	urldate = {2022-02-19},
	file = {Snapshot:/home/alberthahn/Zotero/storage/C2FD5DP7/maschinenvisualisierung-connected-hmi.html:text/html},
}


@misc{helm,
	title = {Helm {Architecture}},
	url = {https://helm.sh/docs/topics/architecture/},
	abstract = {Describes the Helm architecture at a high level.},
	language = {en-us},
	urldate = {2022-02-19},
	file = {Snapshot:/home/alberthahn/Zotero/storage/J6YENS78/architecture.html:text/html},
}

@misc{flaskdocu,
	title = {Welcome to {Flask} — {Flask} {Documentation} (2.0.x)},
	url = {https://flask.palletsprojects.com/en/2.0.x/},
	urldate = {2022-02-21},
	file = {Welcome to Flask — Flask Documentation (2.0.x):/home/alberthahn/Zotero/storage/WAEGJKDY/2.0.x.html:text/html},
}


@misc{wsgipython,
	title = {{PEP} 3333 -- {Python} {Web} {Server} {Gateway} {Interface} v1.0.1},
	url = {https://www.python.org/dev/peps/pep-3333/},
	abstract = {The official home of the Python Programming Language},
	language = {en},
	urldate = {2022-02-21},
	journal = {Python.org},
	file = {Snapshot:/home/alberthahn/Zotero/storage/CQUW8EWZ/pep-3333.html:text/html},
}

@misc{gunciorndocs,
	title = {Design — {Gunicorn} 20.1.0 documentation},
	url = {https://docs.gunicorn.org/en/latest/design.html},
	urldate = {2022-02-21},
	file = {Design — Gunicorn 20.1.0 documentation:/home/alberthahn/Zotero/storage/D2XXE8GJ/design.html:text/html},
}


@BOOK{restfulpython,
  title     = "{Hands-On} {RESTful} Python Web Services",
  author    = "Hillar, Gaston C",
  publisher = "Packt Publishing",
  edition   =  2,
  month     =  dec,
  year      =  2018,
  address   = "Birmingham, England"
}

@BOOK{noauthor_2020-yu,
  title = "Building computer vision applications using artificial neural
           networks with step-by-step examples in {OpenCV} and {TensorFlow}
           with python",
  year  =  2020
}

@incollection{ansari_core_2020,
	address = {Berkeley, CA},
	title = {Core {Concepts} of {Image} and {Video} {Processing}},
	isbn = {978-1-4842-5887-3},
	url = {https://doi.org/10.1007/978-1-4842-5887-3_2},
	abstract = {This chapter introduces the building blocks of an image and describes various methods to manipulate them. Our learning objectives in this chapter are as follows:},
	language = {en},
	urldate = {2022-02-21},
	booktitle = {Building {Computer} {Vision} {Applications} {Using} {Artificial} {Neural} {Networks}: {With} {Step}-by-{Step} {Examples} in {OpenCV} and {TensorFlow} with {Python}},
	publisher = {Apress},
	author = {Ansari, Shamshad},
	editor = {Ansari, Shamshad},
	year = {2020},
	doi = {10.1007/978-1-4842-5887-3_2},
	pages = {9--26},
	file = {Springer Full Text PDF:/home/alberthahn/Zotero/storage/UP2ZHDFY/Ansari - 2020 - Core Concepts of Image and Video Processing.pdf:application/pdf},
}

@misc{opencvpython,
	title = {{OpenCV}: {Introduction} to {OpenCV}-{Python} {Tutorials}},
	url = {https://docs.opencv.org/4.x/d0/de3/tutorial_py_intro.html},
	urldate = {2022-02-21},
}


@misc{opencvintro,
	title = {{OpenCV}: {Introduction}},
	url = {https://docs.opencv.org/3.4/d1/dfb/intro.html},
	urldate = {2022-02-21},
	file = {OpenCV\: Introduction:/home/alberthahn/Zotero/storage/HF6M2L5W/intro.html:text/html},
}


@INPROCEEDINGS{httpwebsocket,  
author={de Souza Soares, Elton F. and Melo Thiago, Raphael and Azevedo, Leonardo Guerreiro and de Bayser, Maximilien and Torres da Silva, Viviane and F. de G. Cerqueira, Renato},  
booktitle={2018 IEEE Symposium on Service-Oriented System Engineering (SOSE)},   
title={Evaluation of Server Push Technologies for Scalable Client-Server Communication},   
year={2018},  
volume={},  
number={},  
pages={1-10},  
doi={10.1109/SOSE.2018.00010}
}


@misc{socketio,
	title = {Introduction {\textbar} {Socket}.{IO}},
	url = {https://socket.io/docs/v4/},
	abstract = {What Socket.IO is},
	language = {en},
	urldate = {2022-02-21},
	file = {Snapshot:/home/alberthahn/Zotero/storage/49I7S53Q/v4.html:text/html},
}

@misc{python-socketio,
	title = {python-socketio — python-socketio documentation},
	url = {https://python-socketio.readthedocs.io/en/latest/},
	urldate = {2022-02-21},
	file = {python-socketio — python-socketio documentation:/home/alberthahn/Zotero/storage/WWMK8Z2G/latest.html:text/html},
}


@incollection{fundamentalsRestfulAPI,
	address = {Berkeley, CA},
	title = {Fundamentals of {RESTful} {APIs}},
	isbn = {978-1-4842-2665-0},
	url = {https://doi.org/10.1007/978-1-4842-2665-0_1},
	abstract = {APIs are not new. They’ve served as interfaces that enable applications to communicate with each other for decades. But the role of APIs has changed dramatically in the last few years. Innovative companies have discovered that APIs can be used as an interface to the business, allowing them to monetize digital assets, extend their value proposition with partner-delivered capabilities, and connect to customers across channels and devices. When you create an API, you are allowing others within or outside of your organization to make use of your service or product to create new applications, attract customers, or expand their business. Internal APIs enhance the productivity of development teams by maximizing reusability and enforcing consistency in new applications. Public APIs can add value to your business by allowing third party developers to enhance your services or bring their customers to you. As developers find new applications for your services and data, a network effect occurs, delivering significant bottom-line business impact. For example, Expedia opened up their travel booking services to partners through an API to launch the Expedia Affiliate Network, building a new revenue stream that now contributes \$2B in annual revenue. Salesforce released APIs to enable partners to extend the capabilities of their platform and now generates half of their annual revenue through those APIs, which could be SOAP-based (JAX-WS) and, more recently, RESTful (JAX-RS).},
	language = {en},
	urldate = {2022-02-21},
	booktitle = {Pro {RESTful} {APIs}: {Design}, {Build} and {Integrate} with {REST}, {JSON}, {XML} and {JAX}-{RS}},
	publisher = {Apress},
	author = {Patni, Sanjay},
	editor = {Patni, Sanjay},
	year = {2017},
	doi = {10.1007/978-1-4842-2665-0_1},
	pages = {1--9},
	file = {Springer Full Text PDF:/home/alberthahn/Zotero/storage/FI27VPVD/Patni - 2017 - Fundamentals of RESTful APIs.pdf:application/pdf},
}


@misc{dockerappsworkflow,
	title = {Entwicklungsworkflow für {Docker}-{Apps}},
	url = {https://docs.microsoft.com/de-de/dotnet/architecture/microservices/docker-application-development-process/docker-app-development-workflow},
	abstract = {Erläuterungen zu den Workflowdetails für die Entwicklung von auf Docker basierenden Anwendungen. Beginnen Sie mit den Grundlagen. Gehen Sie dann ausführlicher auf das Optimieren von Dockerfiles ein. Arbeiten Sie zum Schluss mit dem vereinfachten Workflow, der bei der Verwendung mit Visual Studio verfügbar ist.},
	language = {de-de},
	urldate = {2022-02-22},
	author = {nishanil},
	file = {Snapshot:/home/alberthahn/Zotero/storage/CRY5HG3K/docker-app-development-workflow.html:text/html},
}

%%KUBERNETES CERTS


@misc{certmanager,
	title = {Issuer},
	url = {https://cert-manager.io/docs/concepts/issuer/},
	abstract = {Issuers, and ClusterIssuers, are Kubernetes resources that represent certificate authorities (CAs) that are able to generate signed certificates by honoring certificate signing requests. All cert-manager certificates require a referenced issuer that is in a ready condition to attempt to honor the request.
An example of an Issuer type is CA. A simple CA Issuer is as follows:
apiVersion:cert-manager.io/v1kind:Issuermetadata:name:ca-issuernamespace:mesh-systemspec:ca:secretName:ca-key-pairThis is a simple Issuer that will sign certificates based on a private key.},
	language = {en},
	urldate = {2022-02-23},
	journal = {cert-manager},
	note = {Section: docs},
	file = {Snapshot:/home/alberthahn/Zotero/storage/M3U9JDDX/issuer.html:text/html},
}


@misc{certmanageracme,
	title = {{ACME}},
	url = {https://cert-manager.io/docs/configuration/acme/},
	abstract = {Automatically provision and manage TLS certificates in Kubernetes},
	language = {en},
	urldate = {2022-02-23},
	journal = {cert-manager},
	file = {Snapshot:/home/alberthahn/Zotero/storage/EL2DNE36/acme.html:text/html},
}


@misc{certissuerarticle,
	title = {Acquire {SSL} {Certificates} in {Kubernetes} from {Let}'s {Encrypt} with {Cert}-{Manager}},
	url = {https://www.thinktecture.com/de/kubernetes/ssl-certificates-with-cert-manager-in-kubernetes/},
	abstract = {Learn how to acquire valid SSL certificates from Let's Encrypt in Kubernetes environments with cert-manager.},
	urldate = {2022-02-23},
	file = {Snapshot:/home/alberthahn/Zotero/storage/SDYG7WAV/ssl-certificates-with-cert-manager-in-kubernetes.html:text/html},
}


@misc{githubpricing,
	title = {Pricing · {Plans} for every developer},
	url = {https://github.com/pricing},
	abstract = {Whether you're starting an open source project or choosing new tools for your team, we’ve got you covered.},
	language = {en},
	urldate = {2022-02-25},
	journal = {GitHub},
	file = {Snapshot:/home/alberthahn/Zotero/storage/BUR9AISK/pricing.html:text/html},
}



@misc{nodeaffinity,
	title = {Assign {Pods} to {Nodes} using {Node} {Affinity}},
	url = {https://kubernetes.io/docs/tasks/configure-pod-container/assign-pods-nodes-using-node-affinity/},
	abstract = {This page shows how to assign a Kubernetes Pod to a particular node using Node Affinity in a Kubernetes cluster.
Before you begin You need to have a Kubernetes cluster, and the kubectl command-line tool must be configured to communicate with your cluster. It is recommended to run this tutorial on a cluster with at least two nodes that are not acting as control plane hosts. If you do not already have a cluster, you can create one by using minikube or you can use one of these Kubernetes playgrounds:},
	language = {en},
	urldate = {2022-02-28},
	journal = {Kubernetes},
	note = {Section: docs},
	file = {Snapshot:/home/alberthahn/Zotero/storage/RWKQRXNQ/assign-pods-nodes-using-node-affinity.html:text/html},
}


@misc{taintstolerations,
	title = {Taints and {Tolerations}},
	url = {https://kubernetes.io/docs/concepts/scheduling-eviction/taint-and-toleration/},
	abstract = {Node affinity is a property of Pods that attracts them to a set of nodes (either as a preference or a hard requirement). Taints are the opposite -- they allow a node to repel a set of pods.
Tolerations are applied to pods, and allow (but do not require) the pods to schedule onto nodes with matching taints.
Taints and tolerations work together to ensure that pods are not scheduled onto inappropriate nodes.},
	language = {en},
	urldate = {2022-02-28},
	journal = {Kubernetes},
	note = {Section: docs},
	file = {Snapshot:/home/alberthahn/Zotero/storage/MTXWEKY7/taint-and-toleration.html:text/html},
}

@misc{helmtipsandtricks,
	title = {Chart {Development} {Tips} and {Tricks}},
	url = {https://helm.sh/docs/howto/charts_tips_and_tricks/},
	abstract = {Covers some of the tips and tricks Helm chart developers have learned while building production-quality charts.},
	language = {en-us},
	urldate = {2022-02-28},
	file = {Snapshot:/home/alberthahn/Zotero/storage/ABEH5HJZ/charts_tips_and_tricks.html:text/html},
}


@misc{mongodbpath,
	title = {Manage mongod {Processes} — {MongoDB} {Manual}},
	url = {https://docs.mongodb.com/manual/tutorial/manage-mongodb-processes/},
	language = {en},
	urldate = {2022-02-28},
	journal = {https://github.com/mongodb/docs-bi-connector/blob/DOCSP-3279/source/index.txt},
	file = {Snapshot:/home/alberthahn/Zotero/storage/XL7NUL7T/manage-mongodb-processes.html:text/html},
}


@misc{letsencrypt,
	title = {Über {Let}'s {Encrypt} - {Let}'s {Encrypt} - {Freie} {SSL}/{TLS} {Zertifikate}},
	url = {https://letsencrypt.org/de/about/},
	abstract = {Let\&rsquo;s Encrypt ist eine freie, automatisierte und offene Zertifizierungsstelle (CA) und läuft für die Öffentlichkeit. Der Dienst wird zur Verfügung gestellt von Internet Security Research Group (ISRG). Wir geben Menschen die digitalen Zertifikate, die sie zur Aktivierung von HTTPS (SSL/TLS) auf ihrer Webseite benötigen, kostenlos und in der benutzerfreundlichsten Variante, die uns möglich ist. Wir machen das, um ein noch sicheres Web zu erstellen, das die Privatsphäre akzeptiert. Lesen Sie über die Ereignisse des vergangenen Jahres durch Herunterladen des Jahresberichts.},
	language = {de-DE},
	urldate = {2022-02-28},
	file = {Snapshot:/home/alberthahn/Zotero/storage/C3YEQ9TJ/about.html:text/html},
}


@book{cloudnativedatakub,
	title = {Managing {Cloud} {Native} {Data} on {Kubernetes}},
	isbn = {978-1-09-811138-0},
	url = {https://learning.oreilly.com/library/view/managing-cloud-native/9781098111380/},
	abstract = {Kubernetes has become the primary platform for deploying and managing cloud native applications. But because it was originally designed for stateless workloads, working with data on Kubernetes has...},
	language = {en},
	urldate = {2022-03-01},
	file = {Snapshot:/home/alberthahn/Zotero/storage/22UMLZ5S/9781098111380.html:text/html},
}


@misc{opencvlbp,
	title = {{OpenCV}: {Face} {Recognition} with {OpenCV}},
	url = {https://docs.opencv.org/3.4/da/d60/tutorial_face_main.html#tutorial_face_lbph_algo},
	urldate = {2022-03-01},
	file = {OpenCV\: Face Recognition with OpenCV:/home/alberthahn/Zotero/storage/DINS2Q8Y/tutorial_face_main.html:text/html},
}


@INPROCEEDINGS{realtimefacerecog,
  author={Zhao, XueMei and Wei, ChengBing},
  booktitle={2017 IEEE 2nd International Conference on Signal and Image Processing (ICSIP)}, 
  title={A real-time face recognition system based on the improved LBPH algorithm}, 
  year={2017},
  volume={},
  number={},
  pages={72-76},
  doi={10.1109/SIPROCESS.2017.8124508}
  }


@misc{opencvcascade,
	title = {{OpenCV}: {Cascade} {Classifier}},
	url = {https://docs.opencv.org/3.4/db/d28/tutorial_cascade_classifier.html},
	urldate = {2022-03-01},
	file = {OpenCV\: Cascade Classifier:/home/alberthahn/Zotero/storage/5HCYPNYJ/tutorial_cascade_classifier.html:text/html},
}
