@Thesis{hahn2022bt,
  author = {Hahn, Albert},
  title = {Konzeption und Implementierung einer Microservice Architektur in einem hybriden kubernetes Cluster für industrielle KI-Anwendungsfälle},
  school = {Ostbayerische Technische Hochschule Amberg-Weiden},
  type = {Bachelor's Thesis},
  year = {2022}
}
